@BOOK{Mendoza2000,
   title = {Pruebas de CI's aplicando un pulso en las Fuentes de Polarizaci√≥n},
   publisher = {INAOE},
   author = {Mendoza-Barrera, S.~F.},
   year = {2000},
   edition = {},
}
